
@incollection{karinthy_dana_1912,
	title = {Dana {Idák}},
	booktitle = {Így írtok ti},
	publisher = {Athenaeum Irodalmi és Nyomdai Rt.},
	author = {Karinthy, Frigyes},
	year = {1912},
	file = {Karinthy - 1912 - Dana Idák.pdf:C\:\\Users\\kovar\\Zotero\\storage\\28U7C4IW\\Karinthy - 1912 - Dana Idák.pdf:application/pdf},
}

@incollection{karinthy_struggle_1938,
	address = {Budapest},
	title = {Struggle for life},
	booktitle = {Üzenet a palackban},
	publisher = {Cserépfalvi},
	author = {Karinthy, Frigyes},
	year = {1938},
	file = {Struggle for life.pdf:C\:\\Lementett\\SOE\\PhD\\OpenSource\\Proba\\Struggle for life.pdf:application/pdf},
}

@article{karinthy_kosztolanyi_1936,
	title = {Kosztolányi {Dezső}},
	number = {XXVII. évf. 255. sz.},
	journal = {Az Est},
	author = {Karinthy, Frigyes},
	year = {1936},
	file = {Karinthy - 1936 - Eltemettük Kosztolányi Dezsőt.pdf:C\:\\Users\\kovar\\Zotero\\storage\\SPY5392I\\Karinthy - 1936 - Eltemettük Kosztolányi Dezsőt.pdf:application/pdf},
}

@incollection{karinthy_kinai_nodate,
	edition = {1912},
	title = {Kínai vers},
	booktitle = {Így írtok ti},
	publisher = {Athenaeum Irodalmi és Nyomdai Rt.},
	author = {Karinthy, Frigyes},
	file = {Karinthy - Kínai vers.pdf:C\:\\Users\\kovar\\Zotero\\storage\\K7TZH8HG\\Karinthy - Kínai vers.pdf:application/pdf},
}
